@misc{dartdocs,
  title = {Dart Documentation},
  howpublished = {\url{https://dart.dev/}},
  note = {Accessed: 2025-04-01}
}

@misc{godocs,
  title = {Go Documentation},
  howpublished = {\url{https://go.dev/}},
  note = {Accessed: 2025-04-01}
}

@misc{jsdocs,
  title = {JavaScript Documentation (MDN)},
  howpublished = {\url{https://developer.mozilla.org/}},
  note = {Accessed: 2025-04-01}
}

@misc{kotlindocs,
  title = {Kotlin Documentation},
  howpublished = {\url{https://kotlinlang.org/}},
  note = {Accessed: 2025-04-01}
}

@misc{phpdocs,
  title = {PHP Documentation},
  howpublished = {\url{https://www.php.net/manual/en/}},
  note = {Accessed: 2025-04-01}
}

@misc{pydocs,
  title = {Python Documentation},
  howpublished = {\url{https://docs.python.org/}},
  note = {Accessed: 2025-04-01}
}

@misc{numpydocs,
  title = {NumPy Documentation},
  howpublished = {\url{https://numpy.org/doc/}},
  note = {Accessed: 2025-04-01}
}


@misc{rustdocs,
  title = {Rust Documentation},
  howpublished = {\url{https://doc.rust-lang.org/}},
  note = {Accessed: 2025-04-01}
}

@misc{dartcomp,
  title = {Dart SDK},
  howpublished = {\url{https://dart.dev/get-dart}},
  note = {Accessed: 2025-04-01}
}

@misc{gocomp,
  title = {Go Compiler},
  howpublished = {\url{https://go.dev/dl/}},
  note = {Accessed: 2025-04-01}
}

@misc{jscomp,
  title = {Node.js},
  howpublished = {\url{https://nodejs.org/}},
  note = {Accessed: 2025-04-01}
}

@misc{kotlinc,
  title = {Kotlin Compiler},
  howpublished = {\url{https://kotlinlang.org/docs/command-line.html}},
  note = {Accessed: 2025-04-01}
}

@misc{phpcomp,
  title = {PHP},
  howpublished = {\url{https://www.php.net/downloads}},
  note = {Accessed: 2025-04-01}
}

@misc{pycomp,
  title = {Python},
  howpublished = {\url{https://www.python.org/downloads/}},
  note = {Accessed: 2025-04-01}
}

@misc{rustcomp,
  title = {Rust},
  howpublished = {\url{https://www.rust-lang.org/tools/install}},
  note = {Accessed: 2025-04-01}
}

@misc{github,
  title = {GitHub},
  howpublished = {\url{https://github.com}},
  note = {Accessed: 2025-04-01}
}

@misc{stackoverflow,
  title = {Stack Overflow},
  howpublished = {\url{https://stackoverflow.com}},
  note = {Accessed: 2025-04-01}
}

@misc{w3schools,
  title = {W3Schools},
  howpublished = {\url{https://www.w3schools.com}},
  note = {Accessed: 2025-04-01}
}

@misc{geeksforgeeks,
  title = {GeeksforGeeks},
  howpublished = {\url{https://www.geeksforgeeks.org}},
  note = {Accessed: 2025-04-01}
}